@misc{elisawebTC,
  title = {Práctica 3: teoría de colas},
	Url = {https://elisa.dyndns-web.com/teaching/comp/par/p3.html},
	Year = 2019,
author = {Elisa Schaeffer}
}

@misc{P3LSa,
  title = {p3 teoría de colas},
	Url = {https://github.com/pejli/simulacion/tree/master/P3},
	Year = 2018,
author = {Liliana Saus}
}

@misc{MPP3C,
  title = {Práctica 3: teoría de colas},
	Url = {https://github.com/RicardoRosMac/Simulation/tree/master/HWP3},
	Year = 2019,
author = {Ricardo Rosas Macías}
}


