@misc{elisawebMB,
  title = {Práctica 1: Movimiento Browniano},
	Url = {https://elisa.dyndns-web.com/teaching/comp/par/p1.html},
	Year = 2019,
author = {Elisa Schaeffer}
}

@misc{AsP1,
  title = {Exercise1},
	Url = {https://sourceforge.net/p/gla-sim/exercises/HEAD/tree/Exercise_1/},
	Year = 2018,
author = {Astrid González}
}

@misc{P1JA,
  title = {P1},
	Url = {https://github.com/Xhangelx13x/SimNano_Xhan/blob/master/P1/Reporte_P1},
	Year = 2018,
author = {José Ángel Cavazos Contreras}
}

@misc{BPlot,
  title = {ggplot2 box plot : Quick start guide - R software and data visualization},
	Url = {http://www.sthda.com/english/wiki/ggplot2-box-plot-quick-start-guide-r-software-and-data-visualization},
	Year = 2015,
author = {Alboukadel Kassambara}
}

@misc{Bxplot,
  title = {Creating plots in R using ggplot2 - part 10: boxplots},
	Url = {http://t-redactyl.io/blog/2016/04/creating-plots-in-r-using-ggplot2-part-10-boxplots.html},
	Year = 2016,
author = {Jodie Burchell}
}

@misc{MPP1,
  title = {Práctica 1: Movimiento Browniano},
	Url = {https://github.com/RicardoRosMac/Simulation/tree/master/HWP1},
	Year = 2019,
author = {Ricardo Rosas Macías}
}