@misc{elisawebAC,
  title = {Práctica 2: Autómata celular},
	Url = {https://elisa.dyndns-web.com/teaching/comp/par/p2.html},
	Year = 2019,
author = {Elisa Schaeffer}
}

@misc{EP2,
  title = {CelulasAutonomas},
	Url = {https://sourceforge.net/p/simulaciondesistemas/code/ci/master/tree/P2/},
	Year = 2019,
author = {Marco Antonio Guajardo Vigil}
}

@misc{MPP2,
  title = {Práctica 2. Autómata celular},
	Url = {https://github.com/RicardoRosMac/Simulation/tree/master/HWP2},
	Year = 2019,
author = {Ricardo Rosas Macías}
}
