@misc{elisawebBL,
  title = {Práctica 7: búsqueda local},
	Url = {https://elisa.dyndns-web.com/teaching/comp/par/p7.html},
	Year = 2019,
author = {Elisa Schaeffer}
}

@misc{Lr,
  title = {Lattice: trellis graphics for R},
	Url = {http://lattice.r-forge.r-project.org},
	Year = 2011,
author = {Deepayan Sarkar}
}

@misc{EMP7,
  title = {Práctica 7: búsqueda local},
	Url = {https://github.com/RicardoRosMac/Simulation/tree/master/HWP7},
	Year = 2019,
author = {Ricardo Rosas Macías}
}

@misc{P7RCP,
  title = {Práctica 7: búsqueda local},
	Url = {https://github.com/RParga/R-simulation/tree/master/p7},
	Year = 2018,
author = {Ricardo Parga}
}





