@misc{elisawebIEP,
  title = {Práctica 9: interacciones entre partículas},
	Url = {https://elisa.dyndns-web.com/teaching/comp/par/p9.html},
	Year = 2019,
author = {Elisa Schaeffer}
}

@misc{Lgraph,
  title = {Lattice: trellis graphics for R},
	Url = {http://lattice.r-forge.r-project.org},
	Year = 2011,
author = {Deepayan Sarkar }
}

@misc{Hist,
  title = {A tutorial on computing the histogram of quantitative data in statistics},
	Url = {http://www.r-tutor.com/elementary-statistics/quantitative-data/histogram},
	Year = 2009,
author = {Chi Yau}
}

@misc{MP9,
  title = {Práctica 9: interacciones entre partículas},
	Url = {https://github.com/RicardoRosMac/Simulation/tree/master/HWP9},
	Year = 2019,
author = {Ricardo Rosas Macías}
}

@misc{PG9,
  title = {Práctica 9},
	Url = {https://github.com/Xhangelx13x/SimNano_Xhan/tree/master/P9},
	Year = 2018,
author = {José Ángel A. Contreras}
}
