@misc{elisawebDV,
  title = {Práctica 4: diagramas de {Voronoi}},
	Url = {https://elisa.dyndns-web.com/teaching/comp/par/p4.html},
	Year = 2019,
author = {Elisa Schaeffer}
}

@misc{articlevoronoi,
title = {El diagrama de {Voronoi}, la forma matemática de dividir el mundo},
Url = {https://www.abc.es/ciencia/abci-diagrama-voronoi-forma-matematica-dividir-mundo-201704241101_noticia.html},
year = {1980},
author = {Clara Grima}
}

@misc{P4As,
  title = {Exercise 4},
	Url = {https://sourceforge.net/p/gla-sim/exercises/HEAD/tree/Exercise_4/},
	Year = 2018,
author = {Astrid González}
}

@misc{EMP4,
  title = {Práctica 4: diagramas de {Voronoi}},
	Url = {https://github.com/RicardoRosMac/Simulation/tree/master/HWP4},
	Year = 2019,
author = {Ricardo Rosas Macías}
}




