@misc{elisaweb,
  title = {Práctica 5: método {Monte-Carlo}},
	Url = {https://elisa.dyndns-web.com/teaching/comp/par/p5.html},
	Year = 2019,
author = {Elisa Schaeffer}
}

@misc{kurt,
  title = {6 Neat Tricks with {Monte} {Carlo} Simulations - Count {Bayesie}; Probably a probability blog},
       Url = {https://www.countbayesie.com/blog/2015/3/3/6-amazing-trick-with-monte-carlo-simulations},
	Year = 2015,
author = {Will Kurt}
}

@misc{Wol,
  title = {Mathematica},
       Url = {https://www.wolframalpha.com/input/?i=integrate+(2%2Fpi)+*+(1%2F(exp(x)%2Bexp(-x)))+from+-infty+to+infty},
	Year = 2019,
author = {Wolfram Research}
}

@misc{EMP5,
  title = {Práctica 5: método {Monte-Carlo}},
	Url = {https://github.com/RicardoRosMac/Simulation/tree/master/HWP5},
	Year = 2019,
author = {Ricardo Rosas Macías}
}

@misc{,
  title = {},
	Url = {},
	Year = ,
author = {}
}






