@misc{elisawebAG10,
  title = {Práctica 10: algoritmo genético},
	Url = {https://elisa.dyndns-web.com/teaching/comp/par/p10.html},
	Year = 2019,
author = {Elisa Schaeffer}
}

@misc{gg2,
  title = {Package ‘ggplot2’},
	Url = {https://cran.r-project.org/web/packages/ggplot2/ggplot2.pdf},
	Year = 2019,
author = {Hadley Wickham et al.}
}

@misc{PGAM,
  title = {Homework 10},
	Url = {https://github.com/angisabel44/Simulation/tree/master/Homework10},
	Year = 2018,
author = {Ángel Moreno}
}