@misc{elisawebRN,
  title = {Práctica 12: red neuronal},
	Url = {https://elisa.dyndns-web.com/teaching/comp/par/p12.html},
	Year = 2019,
author = {Elisa Schaeffer}
}

@misc{PAP12,
  title = {Red neuronal},
	Url = {https://sourceforge.net/p/gla-sim/exercises/HEAD/tree/Exercise_12/},
	Year = 2018,
author = {Astrid González}
}

@misc{PLP12,
  title = {Red neuronal},
	Url = {https://github.com/pejli/simulacion/tree/master/P12},
	Year = 2018,
author = {Liliana Saus}
}