@misc{elisawebIEP,
  title = {Práctica 9: interacciones entre partículas},
	Url = {https://elisa.dyndns-web.com/teaching/comp/par/p9.html},
	Year = 2019,
author = {Elisa Schaeffer}
}

@misc{MP9,
  title = {Práctica 9: interacciones entre partículas},
	Url = {https://github.com/RicardoRosMac/NanoSimulation/tree/master/HWP9},
	Year = 2019,
author = {Ricardo Rosas Macías}
}

@misc{RINyN,
  title = {Revista Interdisciplinaria en Nanociencias y Nanotecnología},
	Url = {http://www.r-tutor.com/elementary-statistics/quantitative-data/histogram},
	Year = 2011,
author = {Gian Delgado y Noboru Takeuchi}
}

@BOOK{BN,
AUTHOR="Günter Schmid",
TITLE="Nanotechnology: Volume 1: Principles and Fundamentals",
PUBLISHER="John Wiley-VCH",
YEAR="2008",
}

@BOOK{BNNP,
AUTHOR="Guozhong Cao",
TITLE="Nanostructures and Nanomaterials: Synthesis, Properties, and Applications",
PUBLISHER="World Scientific Series in Nanoscience and Nanotechnology",
YEAR="2011",
}

@misc{UDD,
  title = {Ultrasonic Dispersing and Deagglomeration},
	Url = {https://www.hielscher.com/disperse.htm},
	Year = 2019,
author = {Hielscher Ultrasonics GMBH}
}

@BOOK{UDINER,
AUTHOR="BirgitBittmann et al.",
TITLE="Preparation of TiO2/epoxy nanocomposites by ultrasonic dispersion and their structure property relationship",
PUBLISHER="Ultrasonics Sonochemistry",
YEAR="2011",
}

@BOOK{ODCNTUS,
AUTHOR="Tomas Roll et al.",
TITLE="The Optimum Dispersion of Carbon Nanotubes for Epoxy Nanocomposites: Evolution of the Particle Size Distribution by Ultrasonic Treatment",
PUBLISHER="Journal of Nanotechnology",
YEAR="2012",
}

@BOOK{UDNPS,
AUTHOR="BirgitBittmann et al.",
TITLE="Ultrasonic dispersion of inorganic nanoparticles in epoxy resin",
PUBLISHER="Ultrason Sonochem",
YEAR="2009",
}

@BOOK{NFDP,
AUTHOR="Monika Šupová et al.",
TITLE="Effect of Nanofillers Dispersion in Polymer Matrices: A Revie",
PUBLISHER="Science of Advanced Materials",
YEAR="2010",
}

@BOOK{EUTNC,
AUTHOR="Dalila Shahdan et al.",
TITLE="Effect of Ultrasonic Treatment on Tensile Properties of PLA/LNR/NiZn Ferrite Nanocomposite",
PUBLISHER="AIP Conference Proceedings",
YEAR="2014",
}

@BOOK{UDENAS,
AUTHOR="Julian S. Taurozzi et al.",
TITLE="Ultrasonic dispersion of nanoparticles for environmental, health and safety assessment – issues and recommendations",
PUBLISHER="Nanotoxicology",
YEAR="2010",
}

@misc{WUD,
  title = {Ultrasonic Dispersion of Nanoparticles},
	Url = {https://www.tovatech.com/blog/11673/ultrasonic-cleaner/ultrasonic-dispersion-of-nanoparticles},
	Year = 2012,
author = {Rachel Kohn}
}

@BOOK{UPSR,
AUTHOR="Malcolm J.W. Povey et al.",
TITLE="Ultrasound particle sizing: A review",
PUBLISHER="Particuology",
YEAR="2012",
}












