@misc{elisawebSMA,
  title = {Práctica 6: Sistema Multiagente},
	Url = {https://elisa.dyndns-web.com/teaching/comp/par/p6.html},
	Year = 2019,
author = {Elisa Schaeffer}
}

@misc{Plist,
  title = {Trying to include R Code with listings package},
	Url = {https://tex.stackexchange.com/questions/110722/trying-to-include-r-code-with-listings-package},
	Year = 2013,
author = {Diego}
}


@misc{EMP6,
  title = {Práctica 6: Sistema Multiagente},
	Url = {https://github.com/RicardoRosMac/Simulation/tree/master/HWP6},
	Year = 2019,
author = {Ricardo Rosas Macías}
}







