@misc{elisawebgen,
  title = {Práctica 10: algoritmo genético},
	Url = {https://elisa.dyndns-web.com/teaching/comp/par/p10.html},
	Year = 2019,
author = {Elisa Schaeffer}
}

@misc{plot,
  title = {ggplot2 violin plot : Quick start guide - R software and data visualization},
	Url = {http://www.sthda.com/english/wiki/ggplot2-violin-plot-quick-start-guide-r-software-and-data-visualization},
	Year = 2015,
author = {Alboukadel Kassambara}
}

@misc{P11,
  title = {Practica 11},
	Url = {https://sourceforge.net/projects/simulacion-de-sistemas/files/Practica%2011/},
	Year = 2018,
author = {Yessica Reyna Fernández}
}

@misc{elisaweb,
  title = {Práctica 11: frentes de Pareto},
	Url = {https://elisa.dyndns-web.com/teaching/comp/par/p11.html},
	Year = 2019,
author = {Elisa Schaeffer}
}