@misc{elisawebUrna,
  title = {Práctica 8: modelo de urnas},
	Url = {https://elisa.dyndns-web.com/teaching/comp/par/p8.html},
	Year = 2019,
author = {Elisa Schaeffer}
}

@misc{Lr,
  title = {Lattice: trellis graphics for R},
	Url = {http://lattice.r-forge.r-project.org},
	Year = 2011,
author = {Deepayan Sarkar }
}

@misc{Pr8Js,
  title = {Exercise 8},
	Url = {https://sourceforge.net/projects/simulacion-de-sistemas/files/Practica%208/},
	Year = 2018,
author = {Astrid González}
}